<?xml version="1.0" encoding="UTF-8"?><collection xmlns="http://www.loc.gov/MARC21/slim"><record><leader>00303nam--2200121-i-4500</leader><controlfield tag="001">000025397</controlfield><controlfield tag="002">20161230</controlfield><controlfield tag="005">20161230201035</controlfield><controlfield tag="008">060222s1000------------r-----000-0-eng-d</controlfield><datafield ind1=" " ind2=" " tag="100"><subfield code="a">Johns, R.V</subfield></datafield><datafield ind1=" " ind2=" " tag="245"><subfield code="a">Ware, w.t</subfield></datafield><datafield ind1=" " ind2=" " tag="260"><subfield code="a">Advanced Level Examples In Physics</subfield></datafield><datafield ind1=" " ind2=" " tag="490"><subfield code="a">London, Mcmillan, 1954. Viii+346p</subfield></datafield></record></collection>